@misc{bezkoder,
  title = {Node.js Rest APIs example with Express, Sequelize & MySQL},
  howpublished = {\url{https://www.bezkoder.com/node-js-express-sequelize-mysql/}},
}

@misc{mySQLinstall,
  title = {Installing and Upgrading MySQL},
  howpublished = {\url{https://dev.mysql.com/doc/refman/5.7/en/installing.html}},
}

@misc{buildRNscreen,
  title = {Build a screen},
  howpublished = {\url{https://docs.expo.dev/tutorial/build-a-screen/}},
}

@misc{login&reg,
  title = {Example of Splash, Login and Sign Up in React Native},
  howpublished = {\url{https://aboutreact.com/react-native-login-and-signup/}},
}

@misc{atlassian,
  title = {Atlassian Jira Software},
  howpublished = {\url{https://www.atlassian.com/software/jira}},
}

@misc{node,
  title = {Introduction to Node.js},
  howpublished = {\url{https://nodejs.dev/en/learn/}},
}

@misc{nodePro&Cons,
  title = {Review of Node.JS: Pros and Cons},
  howpublished = {\url{https://ncube.com/blog/review-of-node-js-pros-and-cons}},
}

@misc{sequel,
  title = {How To Use Sequelize with Node.js and MySQL},
  howpublished = {\url{https://www.digitalocean.com/community/tutorials/how-to-use-sequelize-with-node-js-and-mysql}},
}

@misc{sql,
  title = {What is MySQL?},
  howpublished = {\url{https://www.oracle.com/mysql/what-is-mysql/}},
}

@article{danielsson2016react,
  title={React Native application development},
  author={Danielsson, William},
  journal={Link{\"o}pings universitet, Swedia},
  volume={10},
  number={4},
  pages={10},
  year={2016}
}

@misc{RNbenefit,
  title = {7 Benefits of Using React Native for Mobile App Development},
  howpublished = {\url{https://www.grazitti.com/blog/7-benefits-of-using-react-native-for-mobile-app-development/}},
}

@misc{RNlimitation,
  title = {Analyzing The Various React Native Limitations},
  howpublished = {\url{https://www.esparkinfo.com/blog/react-native-limitations.html}},
}

@misc{expoGo,
  title = {Expo Go Doc Guides},
  howpublished = {\url{https://docs.expo.dev/workflow/customizing/}},
}

@misc{expoWithRN,
  title = {Expo Go Doc Guides},
  howpublished = {\url{https://upstackhq.com/blog/software-development/should-i-use-expo-for-react-native}},
}

@misc{sqlAd&Disad,
  title = {Advantages and Disadvantages of SQL},
  howpublished = {\url{https://www.geeksforgeeks.org/advantages-and-disadvantages-of-sql/}},
}

@misc{IntroPostman,
  title = {Introduction to Postman},
  howpublished = {\url{https://www.javatpoint.com/postman}},
}

@misc{PostmanPlatform,
  title = {The Postman API Platform},
  howpublished = {\url{https://www.postman.com/postman-enterprise/}},
}

